@article{sanh2019distilbert,
  title={DistilBERT, a distilled version of BERT: smaller, faster, cheaper and lighter},
  author={Sanh, Victor and Debut, Lysandre and Chaumond, Julien and Wolf, Thomas},
  journal={arXiv preprint arXiv:1910.01108},
  year={2019}
}

@inproceedings{socher2013recursive,
  title={Recursive deep models for semantic compositionality over a sentiment treebank},
  author={Socher, Richard and Perelygin, Alex and Wu, Jean and Chuang, Jason and Manning, Christopher D and Ng, Andrew Y and Potts, Christopher},
  booktitle={Proceedings of the 2013 conference on empirical methods in natural language processing},
  pages={1631--1642},
  year={2013}
}

@article{wolf2019huggingface,
  title={Huggingface's transformers: State-of-the-art natural language processing},
  author={Wolf, Thomas and Debut, Lysandre and Sanh, Victor and Chaumond, Julien and Delangue, Clement and Moi, Anthony and Cistac, Pierric and Rault, Tim and Louf, R{\'e}mi and Funtowicz, Morgan and others},
  journal={arXiv preprint arXiv:1910.03771},
  year={2019}
}

@article{DBLP:journals/corr/abs-1810-04805,
  author    = {Jacob Devlin and
               Ming{-}Wei Chang and
               Kenton Lee and
               Kristina Toutanova},
  title     = {{BERT:} Pre-training of Deep Bidirectional Transformers for Language
               Understanding},
  journal   = {CoRR},
  volume    = {abs/1810.04805},
  year      = {2018},
  url       = {http://arxiv.org/abs/1810.04805},
  archivePrefix = {arXiv},
  eprint    = {1810.04805},
  timestamp = {Tue, 30 Oct 2018 20:39:56 +0100},
  biburl    = {https://dblp.org/rec/journals/corr/abs-1810-04805.bib},
  bibsource = {dblp computer science bibliography, https://dblp.org}
}
